<record><leader>00000cas a22000007a 4500</leader><controlfield tag="001">24864225</controlfield><controlfield tag="008">911127d189u189uncuwr ne      0    0eng d</controlfield><datafield ind1=" " ind2=" " tag="010"><subfield code="a">sn 91068744 </subfield></datafield><datafield ind1=" " ind2=" " tag="040"><subfield code="a">NVJ</subfield><subfield code="b">eng</subfield><subfield code="c">NVJ</subfield><subfield code="d">OCLCQ</subfield></datafield><datafield ind1=" " ind2=" " tag="042"><subfield code="a">msc</subfield></datafield><datafield ind1="0" ind2=" " tag="130"><subfield code="a">Rocket (Rockingham, N.C.)</subfield></datafield><datafield ind1="1" ind2="4" tag="245"><subfield code="a">The rocket.</subfield></datafield><datafield ind1=" " ind2=" " tag="260"><subfield code="a">Rockingham, Richmond Co., N.C. :</subfield><subfield code="b">R.W. Knight</subfield></datafield><datafield ind1=" " ind2=" " tag="300"><subfield code="a">v.</subfield></datafield><datafield ind1=" " ind2=" " tag="310"><subfield code="a">Weekly</subfield></datafield><datafield ind1=" " ind2=" " tag="588"><subfield code="a">Description based on: Vol. 9, no. 1 (Jan. 8, 1891).</subfield></datafield><datafield ind1=" " ind2=" " tag="752"><subfield code="a">United States</subfield><subfield code="b">North Carolina</subfield><subfield code="c">Richmond</subfield><subfield code="d">Rockingham.</subfield></datafield><datafield ind1="0" ind2="0" tag="780"><subfield code="t">Rockingham rocket (Rockingham, N.C. : 1885)</subfield><subfield code="w">(DLC)sn 91068743</subfield></datafield><datafield ind1="0" ind2="0" tag="785"><subfield code="t">Rockingham rocket (Rockingham, N.C. : 1897)</subfield><subfield code="w">(DLC)sn 91068745</subfield></datafield></record>